@article{Ahlfeldt2015,
  title     = {The Economics of Density: Evidence from the Berlin Wall},
  author    = {Gabriel M. Ahlfeldt and Stephen J. Redding and Daniel M. Sturm and Nikolaus Wolf},
  journal   = {Econometrica},
  volume    = {83},
  number    = {6},
  pages     = {2127--2189},
  year      = {2015},
  publisher = {Journal of the Econometric Society},
}

@techreport{Dingel2023,
  title       = {Spatial Economics for Granular Settings},
  author      = {Jonathan I. Dingel and Felix Tintelnot},
  institution = {National Bureau of Economic Research},
  year        = {2015},
  type        = {Working Paper},
}

@article{Kleinman2023,
  title     = {Dynamic Spatial General Equilibrium},
  author    = {Benny Kleinman and Ernest Liu and Stephen J. Redding},
  journal   = {Econometrica},
  volume    = {91},
  number    = {2},
  pages     = {385--424},
  year      = {2023},
  publisher = {Journal of the Econometric Society},
}

@unpublished{Allen2018,
  title       = {The Geography of Path Dependence},
  author      = {Treb Allen and Dave Donaldson},
  year        = {2018},
  type        = {Working Paper},
}

@article{ReddingHansberg2017,
  title     = {Quantitative Spatial Economics},
  author    = {Stephen J. Redding and Esteban Rossi-Hansberg},
  journal   = {Annual Review of Economics},
  volume    = {9},
  pages     = {21--58},
  year      = {2017},
  publisher = {Annual Reviews},
}

@article{Caliendo2017,
  title     = {The Impact of Regional and Sectoral Productivity Changes on the U.S. Economy},
  author    = {Lorenzo Caliendo and Fernando Parro and Esteban Rossi-Hansberg and Pierre-Daniel Sarte},
  journal   = {The Review of Economic Studies},
  volume    = {85},
  number    = {4},
  pages     = {2042--2096},
  year      = {2018},
  publisher = {Oxford University Press},
}

@techreport{HansbergSarteSchwartz2023,
  title       = {Cognitive Hubs and Spatial Redistribution},
  author      = {Esteban Rossi-Hansberg and Pierre-Daniel Sarte and Felipe Schwartzman},
  institution = {University of Chicago},
  year        = {2023},
  type        = {Working Paper},
}